@incollection{Cappelen2018,
    title = {{A Guided Tour of Conceptual Engineering and Conceptual Ethics}},
    year = {2018},
    booktitle = {Conceptual Engineering and Conceptual Ethics},
    author = {Cappelen, Herman and Plunkett, David}
}

@article{Russell2010,
    title = {{A Review of Timothy Williamson's 'The Philosophy of Philosophy'}},
    year = {2010},
    journal = {Philosophical Books},
    author = {Russell, Gillian K},
    number = {1},
    pages = {39--52},
    volume = {51},
    url = {http://lib-ezproxy.tamu.edu:2048/login?url=http://search.ebscohost.com/login.aspx?direct=true&db=phl&AN=PHL2156250&site=ehost-live},
    doi = {10.1111/j.1468-0149.2010.00500.x},
    issn = {0031-8051}
}

@article{Endo2018,
    title = {{Contemporary Debates on Possible Worlds}},
    year = {2018},
    journal = {Japanese Student Research Notes of Philosophy of Science},
    author = {Endo, Shimpei},
    number = {1},
    pages = {135--144},
    volume = {1},
    url = {http://pssj.info/jsrnps/contents/index.html}
}

@article{Hacker2008,
    title = {{Critical Studies: A Philosophy of Philosophy}},
    year = {2008},
    journal = {The Philosophical Quarterly},
    author = {Hacker, Peter M.S.},
    volume = {59},
    doi = {10.1111/j.1467-9213.2008.587.x CRITICAL}
}

@book{Quine1991,
    title = {{Dear Carnap, Dear Van: The Quine-Carnap Correspondence and Related Work}},
    year = {1991},
    author = {Quine, W. V. and Carnap, Rudolf},
    pages = {133-},
    publisher = {University of California Press},
    address = {Berkeley, California}
}

@book{Ladyman2007,
    title = {{Every Thing Must Go}},
    year = {2007},
    author = {Ladyman, James and Ross, Don and with John Collier, and David Spurrett},
    pages = {1--352},
    publisher = {Oxford University Press},
    url = {http://www.oxfordscholarship.com/view/10.1093/acprof:oso/9780199276196.001.0001/acprof-9780199276196},
    isbn = {9780199276196},
    doi = {10.1093/acprof:oso/9780199276196.001.0001},
    issn = {1098-6596},
    pmid = {16683413},
    arxivId = {978–0–19–927619–6},
    keywords = {Causation, Complex systems theory, Eliminativism, Information theory, Metaphysics, Ontic structural realism, Philosophy of science, Physics, Rainforest realism, Thermodynamics}
}

@book{Cappelen2018a,
    title = {{Fixing Language: An Essay on Conceptual Engineering}},
    year = {2018},
    author = {Cappelen, Herman},
    publisher = {Oxford University Press},
    isbn = {2017955744}
}

@article{Rose2015,
    title = {{Folk Mereology is Teleological}},
    year = {2015},
    journal = {Nous},
    author = {Rose, David and Schaffer, Jonathan},
    number = {2},
    pages = {238--270},
    volume = {51},
    doi = {10.1111/nous.12123},
    issn = {14680068}
}

@article{Lowe1998a,
    title = {{Form without Matter}},
    year = {1998},
    journal = {Ratio},
    author = {Lowe, Edward Jonathan},
    number = {3},
    pages = {214--234},
    volume = {11}
}

@article{Berto2010,
    title = {{Meaning, Metaphysics, and Contradiction}},
    year = {2010},
    journal = {American Philosophical Quarterly},
    author = {Berto, Francesco},
    number = {4},
    pages = {283--297},
    volume = {43},
    url = {http://www.jstor.org/stable/20010253}
}

@book{Berto2015,
    title = {{Ontology and Metaontology: A Contemporary Guide}},
    year = {2015},
    author = {Berto, Francesco and Plebani, Matteo},
    publisher = {Bloomsbury},
    isbn = {9781441191953}
}

@book{Zimmerman2004,
    title = {{Oxford Studies in Metaphysics: Volume 1}},
    year = {2004},
    booktitle = {Oxford Studies in Metaphysics 1},
    editor = {Zimmerman, Dean W.},
    publisher = {Oxford University Press},
    address = {Oxford},
    isbn = {0199267723}
}

@article{Williamson2011,
    title = {{Precis of The Philosophy of Philosophy}},
    year = {2011},
    journal = {Philosophy and Phenomenological Research},
    author = {Williamson, Timothy},
    number = {2},
    pages = {470--471},
    volume = {LXXXII}
}

@book{Robert,
    title = {{The Continuum Companion to Metaphysics}},
    editor = {Robert, Manson A. and Robert, Barnard W.},
    isbn = {9780826440617}
}

@article{Lowe2006,
    title = {{The Four-Category Ontology: A Metaphysical Foundation for Natural Science}},
    year = {2006},
    journal = {The Four-Category Ontology: A Metaphysical Foundation for Natural Science},
    author = {Lowe, E. J.},
    pages = {1--240},
    isbn = {9780191603600},
    doi = {10.1093/0199254397.001.0001},
    issn = {0004-8402},
    keywords = {Categories, Causation, Dispositions, Laws, Metaphysics, Necessity, Ontology, Realism, Truth, Universals}
}

@book{Williamson2007,
    title = {{The Philosophy of Philosophy}},
    year = {2007},
    author = {Williamson, Timothy},
    publisher = {Blackwell Publishing},
    isbn = {978-1-4051-3397-5}
}

@article{Eklund2010,
    title = {{The Philosophy of Philosophy}},
    year = {2010},
    journal = {Australasian Journal of Philosophy},
    author = {Eklund, Matti},
    number = {4},
    pages = {752--754},
    volume = {88},
    isbn = {9781405133975},
    doi = {10.1002/9780470696675},
    issn = {00318205},
    pmid = {14849016},
    arxivId = {arXiv:1011.1669v3}
}

@article{Kornblith2009,
    title = {{Timothy Williamson's The Philosophy of Philosophy}},
    year = {2009},
    journal = {Analysis},
    author = {Kornblith, H.},
    number = {1},
    pages = {109--116},
    volume = {69},
    url = {https://academic.oup.com/analysis/article-lookup/doi/10.1093/analys/ann039},
    isbn = {0003-2638 1467-8284},
    doi = {10.1093/analys/ann039},
    issn = {0003-2638}
}

@book{Horwich2010,
    title = {{Truth-Meaning-Reality}},
    year = {2010},
    author = {Horwich, Paul},
    publisher = {Oxford University Press},
    isbn = {9780199268917}
}

@techreport{Cappelen2018A1,
    title = {{A Guided Tour of Conceptual Engineering and Conceptual Ethics 1}},
    year = {2018},
    author = {Cappelen, Herman and Plunkett, David}
}

@article{Burgess2013ConceptualII,
    title = {{Conceptual ethics II}},
    year = {2013},
    journal = {Philosophy Compass},
    author = {Burgess, Alexis and Plunkett, David},
    doi = {10.1111/phc3.12085},
    issn = {17479991}
}

@article{Burgess2013ConceptualIIb,
    title = {{Conceptual ethics II}},
    year = {2013},
    journal = {Philosophy Compass},
    author = {Burgess, Alexis and Plunkett, David},
    doi = {10.1111/phc3.12085},
    issn = {17479991}
}

@misc{Brun2017ConceptualEquilibrium,
    title = {{Conceptual re-engineering: from explication to reflective equilibrium}},
    year = {2017},
    booktitle = {Synthese},
    author = {Brun, Georg},
    isbn = {0031-949X (Print){\textbackslash}r0031-949X (Linking)},
    doi = {10.1007/s11229-017-1596-4},
    issn = {15730964},
    pmid = {26506459},
    keywords = {Carnap, Conceptual engineering, Definition, Explication, Goodman, Reconstruction, Reflective equilibrium}
}

@article{Brun2016ExplicationRe-engineering,
    title = {{Explication as a Method of Conceptual Re-engineering}},
    year = {2016},
    journal = {Erkenntnis},
    author = {Brun, Georg},
    doi = {10.1007/s10670-015-9791-5},
    issn = {15728420},
    pmid = {12061529}
}

@techreport{IsaacHowEngineering,
    title = {{How to conceptually engineer conceptual engineering?}},
    author = {Isaac, Manuel Gustavo},
    keywords = {Conceptual engineering, Theory of cognition, Theory of concepts}
}

@techreport{ScharpPhilosophy1,
    title = {{Philosophy as the Study of Defective Concepts 1}},
    author = {Scharp, Kevin}
}

@book{Grosholz2007RepresentationSciences,
    title = {{Representation and Mathematics Ambiguity in Productive and the Sciences}},
    year = {2007},
    author = {Grosholz, Emily R.},
    keywords = {autobiographical memory, depression, executive control, overgeneral memory, working}
}

@techreport{BrigandtStrategicAims,
    title = {{Strategic Conceptual Engineering for Epistemic and Social Aims}},
    author = {Brigandt, Ingo and Rosario, Esther}
}